@phdthesis{Opdyke:1992:ROF:169783,
    title = {{Refactoring Object-oriented Frameworks}},
    year = {1992},
    author = {Opdyke, William F},
    publisher = {University of Illinois at Urbana-Champaign},
    address = {Champaign, IL, USA}
}

@incollection{Fowler2002,
    title = {{Refactoring: Improving the Design of Existing Code}},
    year = {2002},
    booktitle = {Extreme Programming and Agile Methods --- XP/Agile Universe 2002: Second XP Universe and First Agile Universe Conference Chicago, IL, USA, August 4--7, 2002 Proceedings},
    author = {Fowler, Martin},
    editor = {Wells, Don and Williams, Laurie},
    pages = {256},
    publisher = {Springer Berlin Heidelberg},
    url = {http://dx.doi.org/10.1007/3-540-45672-4_31},
    address = {Berlin, Heidelberg},
    isbn = {978-3-540-45672-8},
    doi = {10.1007/3-540-45672-4{\_}31}
}

@book{Wieringa:2014:DSM:2700546,
    title = {{Design Science Methodology for Information Systems and Software Engineering}},
    year = {2014},
    author = {Wieringa, Roel J},
    publisher = {Springer Publishing Company, Incorporated},
    isbn = {3662438380, 9783662438381}
}

@article{Garcia2009,
    title = {{Toward a catalogue of architectural bad smells}},
    year = {2009},
    journal = {Lecture Notes in Computer Science (including subseries Lecture Notes in Artificial Intelligence and Lecture Notes in Bioinformatics)},
    author = {Garcia, Joshua and Popescu, Daniel and Edwards, George and Medvidovic, Nenad},
    pages = {146--162},
    volume = {5581 LNCS},
    isbn = {3642023509},
    doi = {10.1007/978-3-642-02351-4{\_}10},
    issn = {03029743}
}

@article{Saxena2015CloudLogic,
    title = {{Cloud Performance Evaluation Using Fuzzy Logic}},
    year = {2015},
    journal = {2015 IEEE International Conference on Electrical, Computer and Communication Technologies (ICECCT)},
    author = {Saxena, Gaurangi and Nanath, Krishnadas},
    pages = {1--8},
    url = {http://ieeexplore.ieee.org/lpdocs/epic03/wrapper.htm?arnumber=7225955},
    isbn = {978-1-4799-6084-2},
    doi = {10.1109/ICECCT.2015.7225955},
    keywords = {---cloud computing, cloud performance, evaluation, fuzzy logic, fuzzy system, performance value}
}

@article{Schmidt2012AnFramework,
    title = {{An automatic architecture reconstruction and refactoring framework}},
    year = {2012},
    journal = {Studies in Computational Intelligence},
    author = {Schmidt, Frederik and MacDonell, Stephen G. and Connor, Andrew M.},
    pages = {95--111},
    volume = {377},
    isbn = {9783642232015},
    doi = {10.1007/978-3-642-23202-2-7},
    issn = {1860949X},
    keywords = {Architecture reconstruction, metaheuristics, search based software engineering, software migration, source code transformation and refactoring}
}

@article{Ferreira2016PEESOS-Cloud:Systems,
    title = {{PEESOS-Cloud: A Workload-Aware Architecture for Performance Evaluation in Service-Oriented Systems}},
    year = {2016},
    journal = {2016 IEEE World Congress on Services (SERVICES)},
    author = {Ferreira, Carlos H.G. and Nunes, Luiz H. and Pereira, Lourenco A. and Nakamura, Luis H.V. and Estrella, Julio C. and Reiff-Marganiec, Stephan},
    pages = {118--125},
    url = {http://ieeexplore.ieee.org/document/7557407/},
    isbn = {978-1-5090-2616-6},
    doi = {10.1109/SERVICES.2016.25}
}

@article{RichardArchitectureTechniques,
    title = {{Architecture Refactoring Techniques}},
    author = {Richard, Mark},
    keywords = {Mark, Richard}
}

@incollection{Stal2007RefactoringArchitectures,
    title = {{Refactoring Software Architectures}},
    year = {2007},
    booktitle = {Agile Software Architecture},
    author = {Stal, Michael},
    number = {September},
    pages = {63--82},
    publisher = {Elsevier},
    url = {http://linkinghub.elsevier.com/retrieve/pii/B9780124077720000034},
    isbn = {9780124077720},
    doi = {10.1016/B978-0-12-407772-0.00003-4},
    keywords = {Architecture assessment, Architecture drift, Change, Design erosion, Evolution, Patterns, Quality, Reengineering, Refactoring, Software architecture}
}

@article{Zanella2014InternetCities,
    title = {{Internet of Things for Smart Cities}},
    year = {2014},
    journal = {IEEE Internet of Things Journal},
    author = {Zanella, a and Bui, N. and Castellani, a and Vangelista, L. and Zorzi, M.},
    number = {1},
    pages = {22--32},
    volume = {1},
    url = {http://ieeexplore.ieee.org/lpdocs/epic03/wrapper.htm?arnumber=6740844},
    isbn = {2327-4662 VO  - 1},
    doi = {10.1109/JIOT.2014.2306328},
    issn = {2327-4662},
    keywords = {6lowPAN, Business, Cities and towns, Constrained Application Protocol (CoAP), Efficient XML Interchange (EXI), IEEE 802.15 Standards, Monitoring, Smart Cities, Smart buildings, Smart homes, Urban areas, network architecture, sensor system integration, service functions and management, testbed and trials}
}

@article{Byun2016SmartTechnology,
    title = {{Smart City Implementation Models Based on IoT Technology}},
    year = {2016},
    author = {Byun, Jaehak and Kim, Sooyeop and Sa, Jaehun and Kim, Sangphil and Shin, Yong-tae},
    pages = {209--212},
    volume = {129},
    doi = {10.14257/astl.2016.129.41},
    keywords = {creative economy, internet of things, iot, sensor, smart city}
}

@article{Chakrabarty2016ACities,
    title = {{A Secure IoT Architecture for Smart Cities}},
    year = {2016},
    author = {Chakrabarty, Shaibal and Engels, Daniel W and Member, Senior},
    isbn = {9781467392921},
    doi = {10.1109/CCNC.2016.7444889}
}

@article{Rong2014SmartChallenges,
    title = {{Smart city architecture: A technology guide for implementation and design challenges}},
    year = {2014},
    journal = {China Communications},
    author = {Rong, Wenge and Xiong, Zhang and Cooper, Dave and Li, Chao and Sheng, Hao},
    number = {3},
    pages = {56--69},
    volume = {11},
    isbn = {1673-5447 VO  - 11},
    doi = {10.1109/CC.2014.6825259},
    issn = {16735447},
    keywords = {architecture, layered framework, smart cities, technology overview}
}

@article{Lea2014CityCities,
    title = {{City Hub: A Cloud-Based IoT Platform for Smart Cities}},
    year = {2014},
    journal = {2014 IEEE 6th International Conference on Cloud Computing Technology and Science},
    author = {Lea, Rodger and Blackstock, Michael},
    pages = {799--804},
    url = {http://ieeexplore.ieee.org/lpdocs/epic03/wrapper.htm?arnumber=7037764},
    isbn = {978-1-4799-4093-6},
    doi = {10.1109/CloudCom.2014.65},
    keywords = {-component, cloud based iot, data hubs, smart}
}

@article{Petrolo2014TowardsParadigms,
    title = {{Towards a smart city based on cloud of things, a survey on the smart city vision and paradigms}},
    year = {2014},
    journal = {Proceedings of the 2014 ACM international workshop on Wireless and mobile technologies for smart cities - WiMobCity '14},
    author = {Petrolo, Riccardo and Loscr{\'{i}}, Valeria and Mitton, Nathalie},
    number = {3},
    month = {2},
    pages = {61--66},
    volume = {25},
    url = {http://dl.acm.org/citation.cfm?id=2633661.2633667},
    isbn = {9781450330367},
    doi = {10.1145/2633661.2633667},
    issn = {21613915},
    arxivId = {arXiv:1307.8198v1},
    keywords = {cloud of things, internet of things, smart cities}
}

@article{Jin2012NetworkCity,
    title = {{Network architecture and QoS issues in the internet of things for a smart city}},
    year = {2012},
    journal = {2012 International Symposium on Communications and Information Technologies, ISCIT 2012},
    author = {Jin, Jiong and Gubbi, Jayavardhana and Luo, Tie and Palaniswami, Marimuthu},
    pages = {956--961},
    isbn = {9781467311571},
    doi = {10.1109/ISCIT.2012.6381043},
    keywords = {Internet of Things, Network Architecture, Participatory Sensing, Quality of Services, Smart Cities}
}

@article{Jin2014AnThings,
    title = {{An Information Framework for Creating a Smart City Through Internet of Things}},
    year = {2014},
    journal = {IEEE Internet of Things Journal},
    author = {Jin, J and Gubbi, J and Marusic, S and Palaniswami, M},
    number = {2},
    pages = {112--121},
    volume = {1},
    url = {http://ieeexplore.ieee.org/lpdocs/epic03/wrapper.htm?arnumber=6702523},
    isbn = {2327-4662 VO - 1},
    doi = {10.1109/JIOT.2013.2296516},
    issn = {2327-4662},
    keywords = {Cities and towns, Computer architecture, Information management, Internet, Internet of Things (IoT), Monitoring, Quality of service, Sensors, Wireless sensor networks, network architecture, noise mapping, smart cities}
}

@inproceedings{Arbiza2015RefactoringNetwork,
    title = {{Refactoring internet of things middleware through software-defined network}},
    year = {2015},
    booktitle = {Proceedings of the 30th Annual ACM Symposium on Applied Computing - SAC '15},
    author = {Arbiza, Lucas M R and Bertholdo, Leandro M and dos Santos, Carlos Raniery P. and Granville, Lisandro Z and Tarouco, Liane M R},
    pages = {640--645},
    publisher = {ACM Press},
    url = {http://dl.acm.org/citation.cfm?doid=2695664.2695861},
    address = {New York, New York, USA},
    isbn = {9781450331968},
    doi = {10.1145/2695664.2695861},
    keywords = {Internet of Things, Management, Middleware, Refactoring, Software-Defined Network, internet of things, middleware, software-defined network}
}

@article{TomMens2003Refactoring:Problems,
    title = {{Refactoring: Emerging Trends and Open Problems}},
    year = {2003},
    journal = {IEEE International Conference on Software Maintenance, ICSM},
    author = {Tom Mens, Arie Van Deursen},
    pages = {521--522},
    isbn = {1424412560},
    doi = {10.1109/ICSM.2007.4362680},
    issn = {1063-6773}
}

@article{Mens2004ARefactoring,
    title = {{A survey of software refactoring}},
    year = {2004},
    journal = {IEEE Transactions on Software Engineering},
    author = {Mens, Tom and Tourw{\'{e}}, Tom},
    number = {2},
    pages = {126--139},
    volume = {30},
    isbn = {0098-5589},
    doi = {10.1109/TSE.2004.1265817},
    issn = {00985589},
    keywords = {Coding tools and techniques, Programming environments/construction tools, Reengineering, Restructuring, Reverse engineering}
}

@incollection{Jamshidi2015CloudPerspective,
    title = {{Cloud Migration Patterns: A Multi-cloud Service Architecture Perspective}},
    year = {2015},
    author = {Jamshidi, Pooyan and Pahl, Claus and Chinenyeze, Samuel and Liu, Xiaodong},
    pages = {6--19},
    volume = {8954},
    url = {http://link.springer.com/10.1007/978-3-319-22885-3 http://link.springer.com/10.1007/978-3-319-22885-3_2},
    isbn = {978-3-319-22884-6},
    doi = {10.1007/978-3-319-22885-3{\_}2},
    keywords = {cloud computing}
}

@article{Zimmermann2015ArchitecturalMigration,
    title = {{Architectural Refactoring for the Cloud : a Decision-Centric View on Cloud Migration}},
    year = {2015},
    journal = {9th symposium and summer school on service-oriented computing},
    author = {Zimmermann, Olaf}
}

@article{Kwon2014CloudServices,
    title = {{Cloud refactoring: Automated transitioning to cloud-based services}},
    year = {2014},
    journal = {Automated Software Engineering},
    author = {Kwon, Young Woo and Tilevich, Eli},
    number = {3},
    pages = {345--372},
    volume = {21},
    doi = {10.1007/s10515-013-0136-9},
    issn = {15737535},
    keywords = {Cloud computing, Fault-tolerance, Program transformation, Refactoring, Service extraction, Services}
}

@article{Chauhan2012TowardsComputing,
    title = {{Towards Process Support for Migrating Applications to Cloud Computing}},
    year = {2012},
    journal = {2012 International Conference on Cloud Computing and Service Computing (Csc)},
    author = {Chauhan, Muhammad Aufeef and Babar, Muhammad Ali},
    pages = {80--87},
    isbn = {978-1-4673-4724-2},
    doi = {10.1109/CSC.2012.20},
    keywords = {Cloud Computing, Open Source S, Software Migration}
}

@misc{Wood2015TheMust,
    title = {{The internet of things is revolutionising our lives, but standards are a must}},
    year = {2015},
    booktitle = {The guardian},
    author = {Wood, Alex},
    url = {https://www.theguardian.com/media-network/2015/mar/31/the-internet-of-things-is-revolutionising-our-lives-but-standards-are-a-must}
}

@article{Tei2014ClouTCities,
    title = {{ClouT : Cloud of things for empowering the citizen clout in smart cities}},
    year = {2014},
    journal = {2014 IEEE World Forum on Internet of Things, WF-IoT 2014},
    author = {Tei, Kenji and Gurgen, Levent},
    pages = {369--370},
    isbn = {VO  -},
    doi = {10.1109/WF-IoT.2014.6803191}
}

@article{Aazam2014CloudInvolved,
    title = {{Cloud of Things : Integrating Internet of Things and cloud computing and the issues involved}},
    year = {2014},
    author = {Aazam, Mohammad and Khan, Imran and Alsaffar, Aymen Abdullah and Huh, Eui-nam},
    number = {Jan 2014},
    pages = {414--419},
    isbn = {9781479923199},
    doi = {10.1109/IBCAST.2014.6778179},
    keywords = {a tree or a, anything can be part, bottle of beverage, cloud computing, cot, iot, iot and cot issues, nodes over the internet, of internet, primarily through radio, the objects become communicating, through data communication means}
}

@article{Distefano2012EnablingThings,
    title = {{Enabling the cloud of things}},
    year = {2012},
    journal = {Proceedings - 6th International Conference on Innovative Mobile and Internet Services in Ubiquitous Computing, IMIS 2012},
    author = {Distefano, Salvatore and Merlino, Giovanni and Puliafito, Antonio},
    pages = {858--863},
    isbn = {9780769546841},
    doi = {10.1109/IMIS.2012.61},
    keywords = {Cloud, Sensors and Actuators as a Service, Things as a Service, resource mashup, volunteer contribution}
}

@article{Parwekar2011FromThings,
    title = {{From Internet of Things towards cloud of things}},
    year = {2011},
    journal = {2011 2nd International Conference on Computer and Communication Technology, ICCCT-2011},
    author = {Parwekar, Pritee},
    pages = {329--333},
    isbn = {9781457713866},
    doi = {10.1109/ICCCT.2011.6075156},
    issn = {0018-9162},
    keywords = {Internet of Things, Ubiquitous networks, cloud computing, senor actuator networks, services in cloud}
}

@article{Zhou2013CloudThings:Computing,
    title = {{CloudThings: A common architecture for integrating the Internet of Things with Cloud Computing}},
    year = {2013},
    journal = {Proceedings of the 2013 IEEE 17th International Conference on Computer Supported Cooperative Work in Design, CSCWD 2013},
    author = {Zhou, Jiehan and Leppanen, Teemu and Harjula, Erkki and Ylianttila, Mika and Ojala, Timo and Yu, Chen and Jin, Hai},
    pages = {651--657},
    isbn = {9781467360852},
    doi = {10.1109/CSCWD.2013.6581037},
    keywords = {6LowPAN, Cloud computing, CoAP, Internet of Things, RESTful Web services}
}

@article{Belissent2010GettingModels,
    title = {{Getting clever about smart cities: new opportunities require new business models}},
    year = {2010},
    author = {B{\'{e}}lissent, J},
    url = {https://scholar.google.co.uk/citations?view_op=view_citation&continue=/scholar%3Fhl%3Den%26start%3D10%26as_sdt%3D0,5%26scilib%3D1&citilm=1&citation_for_view=cE85v_wAAAAJ:roLk4NBRz8UC&hl=en&oi=p}
}

@article{Chaqfeh2012ChallengesThings,
    title = {{Challenges in middleware solutions for the internet of things}},
    year = {2012},
    journal = {Proceedings of the 2012 International Conference on Collaboration Technologies and Systems, CTS 2012},
    author = {Chaqfeh, Moumena A. and Mohamed, Nader},
    pages = {21--26},
    isbn = {9781467313803},
    doi = {10.1109/CTS.2012.6261022},
    keywords = {Heterogeneous Systems, Interoperability, Middleware, The Internet of Things}
}

@article{Lee2015TheEnterprises,
    title = {{The Internet of Things (IoT): Applications, investments, and challenges for enterprises}},
    year = {2015},
    journal = {Business Horizons},
    author = {Lee, In and Lee, Kyoochun},
    number = {4},
    pages = {431--440},
    volume = {58},
    publisher = {"Kelley School of Business, Indiana University"},
    url = {http://www.sciencedirect.com/science/article/pii/S0007681315000373},
    isbn = {0007-6813},
    doi = {10.1016/j.bushor.2015.03.008},
    issn = {00076813},
    keywords = {Cloud computing, Internet of Things, Radio frequency identification, Real options, Supply chain management}
}

@article{Atzori2010TheSurvey,
    title = {{The Internet of Things: A survey}},
    year = {2010},
    journal = {Computer Networks},
    author = {Atzori, Luigi and Iera, Antonio and Morabito, Giacomo},
    number = {15},
    pages = {2787--2805},
    volume = {54},
    publisher = {Elsevier B.V.},
    url = {http://dx.doi.org/10.1016/j.comnet.2010.05.010},
    isbn = {1389-1286},
    doi = {10.1016/j.comnet.2010.05.010},
    issn = {13891286},
    pmid = {25246403},
    arxivId = {arXiv:1011.1669v3},
    keywords = {Internet of Things, Pervasive computing, RFID systems}
}

@article{Gubbi2013InternetDirections,
    title = {{Internet of Things (IoT): A vision, architectural elements, and future directions}},
    year = {2013},
    journal = {Future Generation Computer Systems},
    author = {Gubbi, Jayavardhana and Buyya, Rajkumar and Marusic, Slaven and Palaniswami, Marimuthu},
    number = {7},
    pages = {1645--1660},
    volume = {29},
    publisher = {Elsevier B.V.},
    url = {http://dx.doi.org/10.1016/j.future.2013.01.010},
    isbn = {0167739X},
    doi = {10.1016/j.future.2013.01.010},
    issn = {0167739X},
    pmid = {20120930},
    arxivId = {1207.0203},
    keywords = {Cloud computing, Internet of Things, RFID Smart environments, Ubiquitous sensing, Wireless sensor networks}
}

@article{Zhang2010CloudChallenges,
    title = {{Cloud computing: State-of-the-art and research challenges}},
    year = {2010},
    journal = {Journal of Internet Services and Applications},
    author = {Zhang, Qi and Cheng, Lu and Boutaba, Raouf},
    number = {1},
    pages = {7--18},
    volume = {1},
    isbn = {1867482818690},
    doi = {10.1007/s13174-010-0007-6},
    issn = {18674828},
    pmid = {21479169},
    arxivId = {S0167739X10002554},
    keywords = {Cloud computing, Data centers, Virtualization}
}

@article{Pahl2015SoftwareArchitecture,
    title = {{Software architecture for the cloud – A roadmap towards control-theoretic, model-based cloud architecture}},
    year = {2015},
    journal = {Lecture Notes in Computer Science (including subseries Lecture Notes in Artificial Intelligence and Lecture Notes in Bioinformatics)},
    author = {Pahl, Claus and Jamshidi, Pooyan},
    pages = {212--220},
    volume = {9278},
    isbn = {9783319237268},
    doi = {10.1007/978-3-319-23727-5{\_}17},
    issn = {16113349},
    keywords = {Adaptive system, Cloud computing, Control theory, Microservice, Model-based controller, Software architecture, Uncertainty}
}

@article{Buschmann2011GardeningRefactoring,
    title = {{Gardening your architecture, Part 1: Refactoring}},
    year = {2011},
    journal = {IEEE Software},
    author = {Buschmann, Frank},
    number = {4},
    pages = {92--94},
    volume = {28},
    isbn = {0740-7459},
    doi = {10.1109/MS.2011.76},
    issn = {07407459},
    keywords = {code quality, design quality, developmental quality, refactoring}
}

@article{Zhou2010ServicesSurvey,
    title = {{Services in the cloud computing era: A survey}},
    year = {2010},
    journal = {2010 4th International Universal Communication Symposium, IUCS 2010 - Proceedings},
    author = {Zhou, Minqi and Zhang, Rong and Zeng, Dadan and Qian, Weining},
    pages = {40--46},
    isbn = {9781424478200},
    doi = {10.1109/IUCS.2010.5666772},
    issn = {0937-6429}
}

@article{Helfert2016NewComputing,
    title = {{New Horizons of Cloud Computing}},
    year = {2016},
    journal = {Future Generation Computer Systems},
    author = {Helfert, Markus},
    pages = {163--164},
    volume = {55},
    publisher = {Elsevier B.V.},
    url = {http://dx.doi.org/10.1016/j.future.2015.11.007},
    doi = {10.1016/j.future.2015.11.007},
    issn = {0167739X}
}

@article{NoelCarrollMarkusHelfert2013AAcademia.edu,
    title = {{A Contingency Model for Assessing Cloud Composite Capabilities | Noel Carroll - Academia.edu}},
    year = {2013},
    journal = {Dublin City University},
    author = {Noel Carroll, Markus Helfert, Theo Lynn and Carroll, Noel; and Markus, Helfert; and Lynn, Theo;},
    number = {July 2015},
    pages = {4},
    url = {https://www.academia.edu/3520668/A_Contingency_Model_for_Assessing_Cloud_Composite_Capabilities},
    isbn = {9789898565525},
    keywords = {Cloud Computing, Cloud Service Index, Composite Capabilities, Contingency Model, Service Quality}
}

@misc{Kesavulu2016TowardsCities,
    title = {{Towards Refactoring in Cloud-Centric Internet of Things for Smart Cities}},
    year = {2016},
    author = {Kesavulu, Manoj and Helfert, Markus and Bezbradica, Marija},
    address = {Dublin}
}

@article{Fehling2014CloudPatterns,
    title = {{Cloud Computing Patterns}},
    year = {2014},
    journal = {Springer},
    author = {Fehling, Christoph and Leymann, Frank and Retter, Ralph and Schupeck, Walter and Arbitter, Peter},
    pages = {239--286},
    url = {http://link.springer.com/10.1007/978-3-7091-1568-8},
    isbn = {978-3-7091-1567-1},
    doi = {10.1007/978-3-7091-1568-8}
}

@article{Zimmermann2016ArchitecturalMigration,
    title = {{Architectural Refactoring for the Cloud : a Decision-Centric View on Cloud Migration}},
    year = {2016},
    journal = {Computing},
    author = {Zimmermann, Olaf},
    publisher = {Springer Vienna},
    doi = {10.1007/s00607-016-0520-y},
    issn = {0010485X},
    keywords = {architectural decisions, architectural patterns, cloud computing, knowledge management, reengineering, software evolution and maintenance}
}

@article{Ostrowski2012ReferenceInformation,
    title = {{Reference Model in Design Science Research to Gather and Model Information}},
    year = {2012},
    journal = {AMCIS 2012 Proceedings},
    author = {Ostrowski, Lukasz and Helfert, Markus},
    url = {http://aisel.aisnet.org/amcis2012/proceedings/SystemsAnalysis/3},
    isbn = {9781622768271 (ISBN)},
    keywords = {Design science methodology, artefact development, meta-design artefact}
}

@article{Hevner2004DesignResearch,
    title = {{Design Science in Information Systems Research}},
    year = {2004},
    journal = {MIS Quarterly},
    author = {Hevner, a. R and March, S. T and Park, J.},
    number = {1},
    pages = {75--105},
    volume = {28},
    url = {http://dl.acm.org/citation.cfm?id=2017217},
    isbn = {1702807118},
    doi = {10.2307/25148625},
    issn = {02767783},
    pmid = {12581935},
    arxivId = {http://dl.acm.org/citation.cfm?id=2017212.2017217},
    keywords = {Information Systems research methodologies, design, busi-, design artifact, design science, information systems research meth-, odologies}
}

@article{OKeeffe2006Search-basedMaintenance,
    title = {{Search-based software maintenance}},
    year = {2006},
    journal = {Proceedings of the European Conference on Software Maintenance and Reengineering, CSMR},
    author = {O'Keeffe, Mark and {\'{O}}cinn{\'{e}}ide, Mel},
    pages = {249--258},
    isbn = {0769525369},
    doi = {10.1109/CSMR.2006.49},
    issn = {15345351}
}

@article{Ivkovic2006AAnnotations,
    title = {{A framework for software architecture refactoring using model transformations and semantic annotations}},
    year = {2006},
    journal = {Software Maintenance and Reengineering, 2006. CSMR 2006. Proceedings of the 10th European Conference on},
    author = {Ivkovic, I and Kontogiannis, K},
    pages = {10 pp.-144},
    isbn = {1052-8725 VO -},
    doi = {10.1109/CSMR.2006.3},
    issn = {1052-8725},
    keywords = {UML 2.0 profile, Unified Modeling Language, model transformation, programming language semantics, quality-driven reengineering, semantic annotations, software architecture, software architecture artifacts, software architecture refactoring, software evolution, software maintenance, software metrics, software quality, software-intensive system, system complexity, system quality maintenance, systems re-engineering}
}

@article{Strauch2013DecisionCloud,
    title = {{Decision support for the migration of the application database layer to the Cloud}},
    year = {2013},
    journal = {Proceedings of the  International Conference on Cloud Computing Technology and Science, CloudCom},
    author = {Strauch, Steve and Andrikopoulos, Vasilios and Bachmann, Thomas and Karastoyanova, Dimka and Passow, Stephan and Vukojevic-Haupt, Karolina},
    pages = {639--646},
    volume = {1},
    isbn = {978-0-7695-5095-4},
    doi = {10.1109/CloudCom.2013.90},
    issn = {23302186},
    keywords = {Application Refactoring, Data Migration, Database layer, Decision Support}
}

@article{Feller2012SnoozeClouds,
    title = {{Snooze : A Scalable and Autonomic Virtual Machine Management Framework for Private Clouds To cite this version : Snooze : A Scalable and Autonomic Virtual Machine Management Framework for Private Clouds}},
    year = {2012},
    author = {Feller, Eugen and Rilling, Louis and Morin, Christine},
    keywords = {a scalable and autonomic, christine morin, clouds, eugen feller, louis rilling, management framework for private, oze, to cite this version, virtual machine}
}

@article{Balalaie2016MicroservicesArchitecture,
    title = {{Microservices Architecture Enables DevOps: Migration to a Cloud-Native Architecture}},
    year = {2016},
    journal = {IEEE Software},
    author = {Balalaie, Armin and Heydarnoori, Abbas and Jamshidi, Pooyan},
    number = {3},
    pages = {42--52},
    volume = {33},
    isbn = {9781509019618},
    doi = {10.1109/MS.2016.64},
    issn = {07407459},
    arxivId = {1606.04036},
    keywords = {DevOps, architectural refactoring, cloud computing, microservices, migration pattern, mobile back end as a service, software development, software engineering}
}

@misc{Kesavulu2017ArchitecturalArchitectures,
    title = {{Architectural Refactoring Approach for Adaptable Cloud Service Architectures}},
    year = {2017},
    author = {Kesavulu, Manoj},
    publisher = {ResearchGate},
    url = {https://www.researchgate.net/publication/313534861_Architectural_Refactoring_Approach_for_Adaptable_Cloud_Service_Architectures},
    address = {Dublin},
    doi = {10.13140/RG.2.2.29269.42723}
}

@article{Garg2016DecisionServices,
    title = {{Decision support system for adoption of cloud-based services}},
    year = {2016},
    journal = {CLOSER 2016 - Proceedings of the 6th International Conference on Cloud Computing and Services Science},
    author = {Garg, R and Heimgartner, M and Stiller, B},
    number = {Closer},
    pages = {71--82},
    volume = {1},
    url = {https://www.scopus.com/inward/record.uri?eid=2-s2.0-84979743405&partnerID=40&md5=9ae740659dbd9271f229e7cc1feaaf05},
    isbn = {9789897581823}
}

@article{Rowe2013MigratingCloud,
    title = {{Migrating Legacy Applications to the Cloud}},
    year = {2013},
    journal = {2013 International Conference on Cloud Computing and Big Data (Cloudcom-Asia)},
    author = {Rowe, Fred and Brinkley, Julian and Tabrizi, Nasseh},
    number = {October 2009},
    pages = {68--77},
    isbn = {978-1-4799-2829-3},
    doi = {10.1109/CLOUDCOM-ASIA.2013.71},
    issn = {2378-3680},
    keywords = {Cloud Computing, Cloud Migrat, System Architecture}
}

@article{Paraiso2012AInfrastructure,
    title = {{A federated multi-cloud PaaS infrastructure}},
    year = {2012},
    journal = {Proceedings - 2012 IEEE 5th International Conference on Cloud Computing, CLOUD 2012},
    author = {Paraiso, Fawaz and Haderer, Nicolas and Merle, Philippe and Rouvoy, Romain and Seinturier, Lionel},
    pages = {392--399},
    isbn = {9780769547558},
    doi = {10.1109/CLOUD.2012.79},
    issn = {2159-6182},
    arxivId = {1008.1900},
    keywords = {Federation, PaaS, SCA, SaaS, interoperability}
}

@article{Marinos2009CommunityComputing,
    title = {{Community cloud computing}},
    year = {2009},
    journal = {Lecture Notes in Computer Science (including subseries Lecture Notes in Artificial Intelligence and Lecture Notes in Bioinformatics)},
    author = {Marinos, Alexandros and Briscoe, Gerard},
    pages = {472--484},
    volume = {5931 LNCS},
    isbn = {3642106641},
    doi = {10.1007/978-3-642-10665-1{\_}43},
    issn = {03029743},
    arxivId = {0907.2485},
    keywords = {Cloud computing, Community cloud, Community cloud computing, Green computing, Sustainability}
}

@article{Pahl2013AApproaches,
    title = {{A comparison of on-premise to cloud migration approaches}},
    year = {2013},
    journal = {Lecture Notes in Computer Science (including subseries Lecture Notes in Artificial Intelligence and Lecture Notes in Bioinformatics)},
    author = {Pahl, Claus and Xiong, Huanhuan and Walshe, Ray},
    pages = {212--226},
    volume = {8135 LNCS},
    isbn = {9783642406508},
    doi = {10.1007/978-3-642-40651-5{\_}18},
    issn = {03029743},
    keywords = {Cloud Architecture, Cloud Migration, Cloud Migration Processes, On-premise to Cloud}
}

@article{Kesavulu2016TowardsCitiesb,
    title = {{Towards Refactoring in Cloud-Centric Internet of Things for Smart Cities}},
    year = {2016},
    author = {Kesavulu, Manoj and Helfert, Markus and Bezbradica, Marija},
    pages = {1--8},
    keywords = {Internet of Things (IoT), Refactoring, Smart cities, cloud computing}
}

@misc{Kesavulu2016EvaluationArchitectures,
    title = {{Evaluation and Performance of Cloud Service Architectures}},
    year = {2016},
    author = {Kesavulu, Manoj},
    publisher = {ResearchGate},
    url = {https://www.researchgate.net/publication/313532511_Evaluation_and_Performance_of_Cloud_Service_Architectures},
    address = {Athlone, Ireland},
    doi = {DOI: 10.13140/RG.2.2.27591.70564}
}

@inproceedings{Kesavulu2017GenericPaper,
    title = {{Generic Refactoring Methodology for Cloud Migration - Position Paper}},
    year = {2017},
    booktitle = {Proceedings of the 7th International Conference on Cloud Computing and Services Science},
    author = {Kesavulu, Manoj and Bezbradica, Marija and Helfert, Markus},
    pages = {692--695},
    publisher = {SCITEPRESS - Science and Technology Publications},
    url = {http://www.scitepress.org/DigitalLibrary/Link.aspx?doi=10.5220/0006373106920695},
    address = {Porto, Portugal},
    isbn = {978-989-758-243-1},
    doi = {10.5220/0006373106920695}
}

@misc{Kesavulu2017ArchitecturalArchitecturesb,
    title = {{Architectural Refactoring Approach for Adaptable Cloud Service Architectures}},
    year = {2017},
    author = {Kesavulu, Manoj},
    pages = {2017},
    url = {https://www.researchgate.net/publication/313534861_Architectural_Refactoring_Approach_for_Adaptable_Cloud_Service_Architectures},
    address = {Galway, Ireland}
}

@article{Kratzke2016ClouNS-aArchitects,
    title = {{ClouNS-a Cloud-Native Application Reference Model for Enterprise Architects}},
    year = {2016},
    journal = {Proceedings - IEEE International Enterprise Distributed Object Computing Workshop, EDOCW},
    author = {Kratzke, Nane and Peinl, Rene},
    number = {September},
    pages = {198--207},
    volume = {2016-Septe},
    isbn = {9781467399333},
    doi = {10.1109/EDOCW.2016.7584353},
    issn = {15417719},
    keywords = {cloud computing, cloud-native application, container, elastic platform, enterprise architecture, microservice, reference model, service oriented architecture, transferability, vendor lock-in}
}

@article{Kratzke2017UnderstandingStudy,
    title = {{Understanding Cloud-native Applications after 10 Years of Cloud Computing - A Systematic Mapping Study}},
    year = {2017},
    journal = {Journal of Systems and Software},
    author = {Kratzke, Nane and Quint, Peter-Christian},
    number = {January},
    doi = {10.1016/j.jss.2017.01.001},
    issn = {01641212}
}

@article{Peffers2007AResearch,
    title = {{A Design Science Research Methodology for Information Systems Research}},
    year = {2007},
    journal = {Source Journal of Management Information Systems},
    author = {Peffers, Ken and Tuunanen, Tuure and Rothenberger, Marcus A and Chatterjee, Samir},
    number = {3},
    pages = {45--77},
    volume = {24},
    url = {http://www.jstor.org/stable/40398896%5Cnhttp://www.jstor.org/stable/40398896?seq=1&cid=pdf-reference#references_tab_contents%5Cnhttp://about.jstor.org/terms},
    isbn = {0742-1222},
    doi = {10.2753/MIS0742-1222240302},
    issn = {0742-1222},
    pmid = {28843849},
    arxivId = {z0022}
}

@article{Pahl2016Microservices:Study,
    title = {{Microservices: A Systematic Mapping Study}},
    year = {2016},
    journal = {Proceedings of the 6th International Conference on Cloud Computing and Services Science},
    author = {Pahl, Claus and Jamshidi, Pooyan},
    number = {October},
    pages = {137--146},
    url = {http://www.scitepress.org/DigitalLibrary/Link.aspx?doi=10.5220/0005785501370146},
    isbn = {978-989-758-182-3},
    doi = {10.5220/0005785501370146}
}

@article{Thones2015Microservices,
    title = {{Microservices}},
    year = {2015},
    journal = {IEEE Software},
    author = {Th{\"{o}}nes, Johannes},
    number = {1},
    volume = {32},
    doi = {10.1109/MS.2015.11},
    issn = {07407459},
    keywords = {SE Radio, architecture, enterprise service bus, http, microservice, service-oriented architecture, software engineering}
}

@book{RichardsMicroservicesArchitrctures,
    title = {{Microservices vs Service Oriented Architrctures}},
    author = {Richards, Mark},
    isbn = {9781491941614}
}

@article{ProcacciantiTowardsClouds,
    title = {{Towards a MicroServices Architecture for Clouds}},
    author = {Procaccianti, Giuseppe and Sanden, Bram van der and Li, Guangming and Luo, Zhiping and Bob, Hertzberger and Korpershoek, Michel and Oprescu, Ana Maria},
    pages = {2--6}
}

@article{Oztekin2009UWIS:Systems,
    title = {{UWIS: An assessment methodology for usability of web-based information systems}},
    year = {2009},
    journal = {Journal of Systems and Software},
    author = {Oztekin, Asil and Nikov, Alexander and Zaim, Selim},
    number = {12},
    pages = {2038--2050},
    volume = {82},
    publisher = {Elsevier Inc.},
    url = {http://dx.doi.org/10.1016/j.jss.2009.06.047},
    isbn = {0164-1212},
    doi = {10.1016/j.jss.2009.06.047},
    issn = {01641212},
    keywords = {Structural equation modeling, Usability assessment, Web-based information system}
}

@incollection{Grguric2016AEnvironments,
    title = {{A Survey on User Interaction Mechanisms for Enhanced Living Environments}},
    year = {2016},
    booktitle = {Advances in Intelligent Systems and Computing},
    author = {Grguric, Andrej and Gil, Alejandro M. Medrano and Huljenic, Darko and Car, Zeljka and Podobnik, Vedran},
    number = {March},
    pages = {131--141},
    volume = {399},
    url = {http://link.springer.com/10.1007/978-3-319-25733-4_14},
    isbn = {9783319257310},
    doi = {10.1007/978-3-319-25733-4{\_}14},
    issn = {21945357}
}

@incollection{Cruz-Benito2016SoftwareReview,
    title = {{Software Architectures Supporting Human-Computer Interaction Analysis: A Literature Review}},
    year = {2016},
    booktitle = {Journal of Chemical Information and Modeling},
    author = {Cruz-Benito, Juan and Ther{\'{o}}n, Roberto and Garc{\'{i}}a-Pe{\~{n}}alvo, Francisco J.},
    pages = {125--136},
    volume = {9192},
    url = {http://link.springer.com/10.1007/978-3-319-20609-7 http://link.springer.com/10.1007/978-3-319-39483-1_12},
    isbn = {978-3-319-20608-0},
    doi = {10.1007/978-3-319-39483-1{\_}12},
    issn = {1098-6596},
    pmid = {25246403},
    arxivId = {arXiv:1011.1669v3},
    keywords = {icle}
}

@article{Joshi2015NISTUsability,
    title = {{NIST Special Publication 500-316 Framework for Cloud Usability}},
    year = {2015},
    author = {Joshi, Karuna P}
}

@incollection{Issa2015UsabilityHCI,
    title = {{Usability and Human Computer Interaction (HCI)}},
    year = {2015},
    booktitle = {Sustainable Design},
    author = {Issa, Tomayess and Isaias, Pedro},
    pages = {19--36},
    publisher = {Springer London},
    url = {http://link.springer.com/10.1007/978-1-4471-6753-2_2},
    address = {London},
    isbn = {9781447167532},
    doi = {10.1007/978-1-4471-6753-2{\_}2},
    issn = {1098-6596},
    pmid = {25246403},
    arxivId = {arXiv:1011.1669v3}
}

@article{Mell2011TheComputing,
    title = {{The NIST definition of cloud computing}},
    year = {2011},
    journal = {NIST Special Publication},
    author = {Mell, Peter and Grance, Timothy},
    pages = {7},
    volume = {145},
    url = {http://www.mendeley.com/research/the-nist-definition-about-cloud-computing/},
    isbn = {1047-6210},
    doi = {10.1136/emj.2010.096966},
    issn = {00845612},
    pmid = {21450758},
    arxivId = {2305-0543},
    keywords = {NIST SP 800-145, The NIST Definition of Cloud Comp}
}

@article{Kurdi2014TowardsCloud,
    title = {{Towards a friendly user interface on the cloud}},
    year = {2014},
    journal = {Lecture Notes in Computer Science (including subseries Lecture Notes in Artificial Intelligence and Lecture Notes in Bioinformatics)},
    author = {Kurdi, Heba A. and Hamad, Safwat and Khalifa, Amal},
    number = {PART 2},
    pages = {148--157},
    volume = {8518 LNCS},
    isbn = {9783319076256},
    doi = {10.1007/978-3-319-07626-3{\_}14},
    issn = {16113349},
    keywords = {cloud computing, service, standardization, user interface}
}

@article{Lu2016PRADA:Data,
    title = {{{\{}PRADA:{\}} prioritizing android devices for apps by mining large-scale usage data}},
    year = {2016},
    journal = {Proceedings of the 38th International Conference on Software Engineering, Austin, TX, USA, May 14-22, 2016},
    author = {Lu, Xuan and Liu, Xuanzhe and Li, Huoran and Xie, Tao and Mei, Qiaozhu and Hao, Dan and Huang, Gang and Feng, Feng},
    pages = {3--13},
    url = {http://doi.acm.org/10.1145/2884781.2884828},
    isbn = {9781450339001},
    doi = {10.1145/2884781.2884828},
    issn = {02705257},
    keywords = {android fragmentation, mobile apps, prioritization, usage}
}

@article{Henze2016TowardsUsage,
    title = {{Towards Transparent Information on Individual Cloud Service Usage}},
    year = {2016},
    author = {Henze, Martin and Kerpen, Daniel and Hiller, Jens and Eggert, Michael and Hellmanns, David and Erik, M and Renuli, Oussama and Maier, Henning and St, Christian and Roger, H and Wehrle, Klaus},
    pages = {366--370},
    isbn = {9781509014453},
    doi = {10.1109/CloudCom.2016.61}
}

@incollection{Murolo2016RevisitingDesigns,
    title = {{Revisiting Web Data Extraction Using In-Browser Structural Analysis and Visual Cues in Modern Web Designs}},
    year = {2016},
    booktitle = {Web Engineering},
    author = {Murolo, Alfonso and Norrie, Moira C.},
    pages = {114--131},
    volume = {4607},
    url = {http://www.springerlink.com/content/l408850157015v28 http://link.springer.com/10.1007/978-3-319-38791-8_7},
    isbn = {978-3-540-73596-0},
    doi = {10.1007/978-3-319-38791-8{\_}7},
    keywords = {browser, data extraction, wrapper induction}
}

@article{Gasparetti2016ModelingActivities,
    title = {{Modeling user interests from web browsing activities}},
    year = {2016},
    journal = {Data Mining and Knowledge Discovery},
    author = {Gasparetti, Fabio},
    number = {2},
    pages = {1--46},
    volume = {31},
    publisher = {Springer US},
    doi = {10.1007/s10618-016-0482-x},
    issn = {1573756X},
    keywords = {Clustering, Information needs, User modeling, Web browsing}
}

@article{Peng2016UserReview,
    title = {{User profiling in intrusion detection: A review}},
    year = {2016},
    journal = {Journal of Network and Computer Applications},
    author = {Peng, Jian and Choo, Kim-Kwang Raymond and Ashman, Helen},
    month = {9},
    pages = {14--27},
    volume = {72},
    url = {http://linkinghub.elsevier.com/retrieve/pii/S0167739X1630200X http://linkinghub.elsevier.com/retrieve/pii/S1084804516301412},
    doi = {10.1016/j.jnca.2016.06.012},
    issn = {10848045},
    keywords = {Behavioural biometrics, Intrusion detection and prevention systems, Psychometrics, User behaviour, User profiling}
}

@article{Alhamazani2015AnState-of-the-art,
    title = {{An overview of the commercial cloud monitoring tools: research dimensions, design issues, and state-of-the-art}},
    year = {2015},
    journal = {Computing},
    author = {Alhamazani, Khalid and Ranjan, Rajiv and Mitra, Karan and Rabhi, Fethi and Jayaraman, Prem Prakash and Khan, Samee Ullah and Guabtni, Adnene and Bhatnagar, Vasudha},
    number = {4},
    pages = {357--377},
    volume = {97},
    isbn = {1436-5057},
    doi = {10.1007/s00607-014-0398-5},
    issn = {0010485X},
    keywords = {Cloud application monitoring, Cloud application provisioning, Cloud monitoring, Cloud monitoring metrics, Cloud resource monitoring, Quality of service parameters, Service level agreement}
}

@article{Yang2017MultimediaPlatform,
    title = {{Multimedia recommendation and transmission system based on cloud platform}},
    year = {2017},
    journal = {Future Generation Computer Systems},
    author = {Yang, Jiachen and Wang, Huanling and Lv, Zhihan and Wei, Wei and Song, Houbing and Erol-Kantarci, Melike and Kantarci, Burak and He, Shudong},
    month = {5},
    pages = {94--103},
    volume = {70},
    publisher = {Elsevier B.V.},
    url = {http://www.sciencedirect.com/science/article/pii/S0167739X1630200X http://linkinghub.elsevier.com/retrieve/pii/S0167739X1630200X},
    doi = {10.1016/j.future.2016.06.015},
    issn = {0167739X},
    keywords = {Cloud computing, Cloud storage security, Mobile Edge Computing, Multimedia data}
}

@article{DaCunhaRodrigues2016MonitoringEnvironments,
    title = {{Monitoring of cloud computing environments}},
    year = {2016},
    journal = {Proceedings of the 31st Annual ACM Symposium on Applied Computing - SAC '16},
    author = {Da Cunha Rodrigues, Guilherme and Calheiros, Rodrigo N and Guimaraes, Vinicius Tavares and Santos, Glederson Lessa dos and de Carvalho, Márcio Barbosa and Granville, Lisandro Zambenedetti and Tarouco, Liane Margarida Rockenbach and Buyya, Rajkumar},
    number = {June},
    pages = {378--383},
    url = {http://dl.acm.org/citation.cfm?doid=2851613.2851619},
    isbn = {9781450337397},
    doi = {10.1145/2851613.2851619},
    keywords = {cloud computing, cloud management, cloud monitoring}
}

@article{Zhao2016DiscoveringBehaviors,
    title = {{Discovering different kinds of smartphone users through their application usage behaviors}},
    year = {2016},
    journal = {Proceedings of the 2016 ACM International Joint Conference on Pervasive and Ubiquitous Computing - UbiComp '16},
    author = {Zhao, Sha and Ramos, Julian and Tao, Jianrong and Jiang, Ziwen and Li, Shijian and Wu, Zhaohui and Pan, Gang and Dey, Anind K.},
    pages = {498--509},
    url = {http://dl.acm.org/citation.cfm?doid=2971648.2971696},
    isbn = {9781450344616},
    doi = {10.1145/2971648.2971696}
}

@article{Pachidi2014UnderstandingMining,
    title = {{Understanding users' behavior with software operation data mining}},
    year = {2014},
    journal = {Computers in Human Behavior},
    author = {Pachidi, Stella and Spruit, Marco and Van De Weerd, Inge},
    number = {January},
    pages = {583--594},
    volume = {30},
    isbn = {0747-5632},
    doi = {10.1016/j.chb.2013.07.049},
    issn = {07475632},
    keywords = {Data mining, Log data, Software analytics, Software operation knowledge, Software usage, User behavior}
}

@inproceedings{Cito2015RuntimeFeedback,
    title = {{Runtime Metric Meets Developer: Building Better Cloud Applications Using Feedback}},
    year = {2015},
    booktitle = {2015 ACM International Symposium on New Ideas, New Paradigms, and Reflections on Programming and Software (Onward!)},
    author = {Cito, Jürgen and Leitner, Philipp and Gall, Harald C and Dadashi, Aryan and Keller, Anne and Roth, Andreas},
    pages = {14--27},
    publisher = {ACM Press},
    url = {http://doi.acm.org/10.1145/2814228.2814232},
    address = {New York, New York, USA},
    isbn = {978-1-4503-3688-8},
    doi = {10.1145/2814228.2814232},
    keywords = {Cloud Computing, Continuous Delivery, Feedback-Driven Development, Software Development}
}

@article{Fabijan2015CustomerReview,
    title = {{Customer Feedback and Data Collection Techniques in Software R{\&}D: A Literature Review}},
    year = {2015},
    author = {Fabijan, Aleksander and Olsson, Helena Holmstr?m and Bosch, Jan},
    number = {210},
    pages = {139--153},
    url = {http://link.springer.com/10.1007/978-3-319-19593-3_12},
    isbn = {10.1007/978-3-319-19593-3{\_}12},
    doi = {10.1007/978-3-319-19593-3{\_}12}
}

@article{Zaidman2010Multi-TenantPaper,
    title = {{Multi-Tenant SaaS Applications : Maintenance Dream or Nightmare ? Position paper}},
    year = {2010},
    journal = {Iwpse-Evol '10},
    author = {Zaidman, Andy},
    pages = {88--92},
    url = {http://dl.acm.org/citation.cfm?id=1862393},
    isbn = {9781450301282},
    doi = {10.1145/1862372.1862393}
}

@article{Engineering2014RequirementsEnvironment,
    title = {{Requirements Engineering Process for Software-as-a- Service ( SaaS ) Cloud Environment}},
    year = {2014},
    author = {Engineering, Computer and Engineering, Mechanical},
    pages = {13--18},
    isbn = {9781479960897},
    keywords = {a service, and sundas iftikhar 3, anum tariq 1, cloud assessment, cloud environment, cmmi, dr, saas, shoab ahmed khan 2, software as, software requirements engineering}
}

@article{Wang2016UnsupervisedAnalysis,
    title = {{Unsupervised Clickstream Clustering for User Behavior Analysis}},
    year = {2016},
    journal = {Proceedings of the 2016 CHI Conference on Human Factors in Computing Systems - CHI '16},
    author = {Wang, Gang and Zhang, Xinyi and Tang, Shiliang and Zheng, Haitao and Zhao, Ben Y.},
    pages = {225--236},
    url = {http://dl.acm.org/citation.cfm?doid=2858036.2858107},
    isbn = {9781450333627},
    doi = {10.1145/2858036.2858107},
    issn = {10495258},
    arxivId = {arXiv:1604.01839v1}
}

@article{Bucklin2009ClickMarketing,
    title = {{Click Here for Interact Insight: Advances in Clickstream Data Analysis in Marketing}},
    year = {2009},
    journal = {Journal of Interactive Marketing (Mergent, Inc.)},
    author = {Bucklin, Randolph E and Sismeiro, Catarina},
    number = {1},
    pages = {35--48},
    volume = {23},
    url = {http://search.ebscohost.com/login.aspx?direct=true&db=bth&AN=42206538&site=ehost-live},
    isbn = {10949968},
    doi = {10.1016/j.intmar.2008.10.004},
    issn = {10949968},
    pmid = {42206538},
    keywords = {CLICK through rate, Clickstream data, DATA analysis, E-commerce, INTERNET users, MARKETING research, Marketing, RESEARCH, TELESHOPPING, World wide web}
}

@article{Banerjee2001ClickstreamSubsequences,
    title = {{Clickstream clustering using weighted longest common subsequences}},
    year = {2001},
    journal = {Proc of the Workshop on Web Mining SIAM Conference on Data Mining},
    author = {Banerjee, Arindam and Ghosh, Joydeep},
    pages = {33–40},
    url = {http://citeseerx.ist.psu.edu/viewdoc/download?doi=10.1.1.135.9092&amp;rep=rep1&amp;type=pdf},
    keywords = {clickstream, clustering, subsequence, web usage mining}
}

@article{Petruch2012DerivingSimulations,
    title = {{Deriving In-Depth Knowledge from IT-Performance Data Simulations}},
    year = {2012},
    journal = {International Journal of Knowledge Society Research},
    author = {Petruch, Konstantin and Tamm, Gerrit and Stantchev, Vladimir},
    number = {2},
    pages = {13--29},
    volume = {3},
    url = {http://services.igi-global.com/resolvedoi/resolve.aspx?doi=10.4018/jksr.2012040102},
    doi = {10.4018/jksr.2012040102},
    issn = {1947-8429}
}

@article{Fan2015AnServices,
    title = {{An integrated personalization framework for SaaS-based cloud services}},
    year = {2015},
    journal = {Future Generation Computer Systems},
    author = {Fan, Haolong and Hussain, Farookh Khadeer and Younas, Muhammad and Hussain, Omar Khadeer},
    month = {12},
    pages = {157--173},
    volume = {53},
    url = {http://linkinghub.elsevier.com/retrieve/pii/S0167739X15001867},
    doi = {10.1016/j.future.2015.05.011},
    issn = {0167739X}
}

@article{Yang2015CharacterizingInternet,
    title = {{Characterizing user behavior in mobile internet}},
    year = {2015},
    journal = {IEEE Transactions on Emerging Topics in Computing},
    author = {Yang, Jie and Qiao, Yuanyuan and Zhang, Xinyu and He, Haiyang and Liu, Fang and Cheng, Gang},
    number = {1},
    pages = {95--106},
    volume = {3},
    doi = {10.1109/TETC.2014.2381512},
    issn = {21686750},
    keywords = {Data usage, Mobile Internet, Mobility pattern, Network traffic, User behavior}
}

@article{Al-Bayati2016AdaptiveAnalysis,
    title = {{Adaptive Behavioral Profiling for Identity Verification in Cloud Computing: A Model and Preliminary Analysis}},
    year = {2016},
    journal = {GSTF Journal on Computing},
    author = {Al-Bayati, Burhan and Clarke, Nathan and Dowland, Paul},
    number = {1},
    pages = {21--28},
    volume = {5},
    isbn = {4060101400},
    doi = {10.5176/2251-3043{\_}4.4.348},
    issn = {2251-3043},
    keywords = {Verification, behavior profiling, cloud computing services, continuous identity verification, transparent}
}

@article{Sarkar2014MiningReport,
    title = {{Mining invariants from SaaS application logs (practical experience report)}},
    year = {2014},
    journal = {Proceedings - 2014 10th European Dependable Computing Conference, EDCC 2014},
    author = {Sarkar, Santonu and Ganesan, Rajeshwari and Cinque, Marcello and Frattini, Flavio and Russo, Stefano and Savignano, Agostino},
    pages = {50--57},
    isbn = {9781479938032},
    doi = {10.1109/EDCC.2014.18},
    keywords = {SaaS, failure detection, invariant mining, time coalescence}
}

@article{Ghezzi2014MiningApplications,
    title = {{Mining behavior models from user-intensive web applications}},
    year = {2014},
    journal = {Proceedings of the 36th International Conference on Software Engineering - ICSE 2014},
    author = {Ghezzi, Carlo and Pezz{\`{e}}, Mauro and Sama, Michele and Tamburrelli, Giordano},
    pages = {277--287},
    url = {http://dl.acm.org/citation.cfm?doid=2568225.2568234},
    isbn = {9781450327565},
    doi = {10.1145/2568225.2568234},
    issn = {02705257},
    keywords = {funded by the eu, log analysis, markov chains, probabilistic model checking, programme ideas-erc, this research has been, user profiles, web application}
}

@article{Fan2014AnServices,
    title = {{An integrated personalization framework for SaaS-based cloud services}},
    year = {2014},
    journal = {Future Generation Computer Systems},
    author = {Fan, Haolong and Hussain, Farookh Khadeer and Younas, Muhammad and Hussain, Omar Khadeer},
    pages = {157--173},
    volume = {53},
    isbn = {0167-739X},
    doi = {10.1016/j.future.2015.05.011},
    issn = {0167739X},
    keywords = {Cloud computing, Cloud service, Personalization, Recommendation engine, SaaS, Semantic web}
}

@article{Smit2013DistributedProcessing,
    title = {{Distributed, application-level monitoring for heterogeneous clouds using stream processing}},
    year = {2013},
    journal = {Future Generation Computer Systems},
    author = {Smit, Michael and Simmons, Bradley and Litoiu, Marin},
    number = {8},
    pages = {2103--2114},
    volume = {29},
    isbn = {0167739X (ISSN)},
    doi = {10.1016/j.future.2013.01.009},
    issn = {0167739X},
    keywords = {Cloud computing, Distributed, Monitoring, Monitoring-as-a-Service, Utility computing}
}

@misc{Xu2016LogFramework,
    title = {{Log on Cloud: A SaaS Data Collection, Storage, and Analysis Framework}},
    year = {2016},
    booktitle = {2016 IEEE 14th Intl Conf on Dependable, Autonomic and Secure Computing, 14th Intl Conf on Pervasive Intelligence and Computing, 2nd Intl Conf on Big Data Intelligence and Computing and Cyber Science and Technology Congress(DASC/PiCom/DataCom/CyberSciTech)},
    author = {Xu, Peng and Zhang, Yadong and Shuang, Kai},
    pages = {882--885},
    url = {http://ieeexplore.ieee.org/document/7588949/},
    isbn = {978-1-5090-4065-0},
    doi = {10.1109/DASC-PICom-DataCom-CyberSciTec.2016.151}
}

@article{Junco2013ComparingUse,
    title = {{Comparing actual and self-reported measures of Facebook use}},
    year = {2013},
    journal = {Computers in Human Behavior},
    author = {Junco, Reynol},
    number = {3},
    month = {5},
    pages = {626--631},
    volume = {29},
    url = {http://linkinghub.elsevier.com/retrieve/pii/S0747563212003123},
    doi = {10.1016/j.chb.2012.11.007},
    issn = {07475632}
}

@article{Mo2014Cloud-BasedInformation,
    title = {{Cloud-Based Mobile Multimedia Recommendation System With User Behavior Information}},
    year = {2014},
    author = {Mo, Yijun and Chen, Jianwen and Member, Senior and Xie, Xia and Luo, Changqing and Yang, Laurence Tianruo},
    number = {1},
    pages = {184--193},
    volume = {8}
}

@article{Pallis2010CloudComputing,
    title = {{Cloud computing: The new frontier of internet computing}},
    year = {2010},
    journal = {IEEE Internet Computing},
    author = {Pallis, George},
    number = {5},
    pages = {70--73},
    volume = {14},
    isbn = {1089-7801},
    doi = {10.1109/MIC.2010.113},
    issn = {10897801},
    pmid = {22157990},
    arxivId = {1003.4074},
    keywords = {cloud computing, cloud initiatives, cloud trends}
}

@article{Helfert2012TheFramework,
    title = {{The case for design science utility and quality-Evaluation of design science artifact within the sustainable ICT capability maturity framework}},
    year = {2012},
    journal = {Systems, Signs {\&} Actions},
    author = {Helfert, Markus and Donnellan, Brian and Ostrowski, Lukasz},
    number = {1},
    pages = {46–66},
    volume = {6},
    url = {http://www.sysiac.org/uploads/sysiac2012-helfert.pdf},
    keywords = {2012, accepted, computing, corresponding author, dcu, design science, donnellan b, evaluation, from the previous publication, helfert, helfert m, ie, information quality, markus, maturity framework, of design science artefacts, quality, science utility - evaluation, semiotic, the case for design, this paper is developed, utility, within the it capability}
}

@article{Nassif2011MeasuringFeatures,
    title = {{Measuring the Usage of Saas Applications Based on Utilized Features}},
    year = {2011},
    journal = {Proceedings of the 1st International Conference on Cloud Computing and Services Science},
    author = {Nassif, Ali Bou and Lutfiyya, Hanan},
    pages = {452--459},
    url = {http://www.scitepress.org/DigitalLibrary/Link.aspx?doi=10.5220/0003392404520459},
    isbn = {978-989-8425-52-2},
    doi = {10.5220/0003392404520459}
}

@inproceedings{Ercolani2013Project,
    title = {{“ Cloud Computing SaaS Assessment ” ( CCSaaSA ): measuring and evaluating Cloud Services end-user perceptions Some of the authors of this publication are also working on these related projects : Working on my Phd Thesis ... View project}},
    year = {2013},
    booktitle = {7th European Conference on IS Management and Evaluation – ECIME 2013},
    author = {Ercolani, Giuseppe},
    number = {September},
    address = {Sopot, Poland}
}